<record><leader>00000cas a22000007a 4500</leader><controlfield tag="001">12320288</controlfield><controlfield tag="008">850729d1901190uwiuwr ne      0    0eng d</controlfield><datafield ind1=" " ind2=" " tag="010"><subfield code="a">sn 85041063 </subfield></datafield><datafield ind1=" " ind2=" " tag="040"><subfield code="a">NPV</subfield><subfield code="b">eng</subfield><subfield code="c">NPV</subfield><subfield code="d">OCLCQ</subfield></datafield><datafield ind1=" " ind2=" " tag="042"><subfield code="a">msc</subfield></datafield><datafield ind1=" " ind2=" " tag="045"><subfield code="a">x0x0</subfield></datafield><datafield ind1=" " ind2=" " tag="052"><subfield code="a">4123</subfield><subfield code="b">S4</subfield></datafield><datafield ind1="0" ind2="0" tag="245"><subfield code="a">Hayward enterprise.</subfield></datafield><datafield ind1="1" ind2="3" tag="246"><subfield code="a">Hayward "what?"</subfield></datafield><datafield ind1=" " ind2=" " tag="260"><subfield code="a">Hayward, Sawyer County, Wis. :</subfield><subfield code="b">W.E. Schei,</subfield><subfield code="c">1901-</subfield></datafield><datafield ind1=" " ind2=" " tag="300"><subfield code="a">v. :</subfield><subfield code="b">ill.</subfield></datafield><datafield ind1=" " ind2=" " tag="310"><subfield code="a">Weekly</subfield></datafield><datafield ind1="0" ind2=" " tag="362"><subfield code="a">Vol. 1, no. 1 (May 29, 1901)-</subfield></datafield><datafield ind1=" " ind2=" " tag="500"><subfield code="a">Title from June 26, 1901 issue; published with title The Hayward "what?", May 29-June 19, 1901.</subfield></datafield><datafield ind1=" " ind2=" " tag="500"><subfield code="a">Editor: W.E. Schei.</subfield></datafield><datafield ind1=" " ind2=" " tag="530"><subfield code="a">Available on microfilm from The State Historical Society of Wisconsin.</subfield></datafield><datafield ind1=" " ind2=" " tag="752"><subfield code="a">United States</subfield><subfield code="b">Wisconsin</subfield><subfield code="c">Sawyer</subfield><subfield code="d">Hayward.</subfield></datafield><datafield ind1="1" ind2=" " tag="029"><subfield code="a">AU@</subfield><subfield code="b">000025809325</subfield></datafield></record>